@online{FormHtml,
    title = "Struttura del tag <form>",
    url = "https://www.html.it/pag/16069/struttura-del-tag-form/"
}

@online{RBAC,
    title = "Role-Based Access Control",
    url = "https://auth0.com/docs/manage-users/access-control/rbac"
}
